<record><leader>00000cas a2200000 a 4500</leader><controlfield tag="001">23859817</controlfield><controlfield tag="008">910530c19259999orudn ne      0    0eng c</controlfield><datafield ind1=" " ind2=" " tag="010"><subfield code="a">sn 96088460 </subfield></datafield><datafield ind1=" " ind2=" " tag="040"><subfield code="a">OEL</subfield><subfield code="b">eng</subfield><subfield code="c">OEL</subfield><subfield code="d">OCN</subfield><subfield code="d">OCLCQ</subfield><subfield code="d">ORU</subfield><subfield code="d">OCLCQ</subfield><subfield code="d">OCLCF</subfield><subfield code="d">ORU</subfield><subfield code="d">OCLCO</subfield><subfield code="d">CHY</subfield><subfield code="d">OCLCO</subfield></datafield><datafield ind1="1" ind2=" " tag="029"><subfield code="a">AU@</subfield><subfield code="b">000012971817</subfield></datafield><datafield ind1=" " ind2=" " tag="042"><subfield code="a">pcc</subfield></datafield><datafield ind1=" " ind2=" " tag="043"><subfield code="a">n-us-or</subfield></datafield><datafield ind1="0" ind2=" " tag="130"><subfield code="a">Albany democrat-herald (Albany, Or.)</subfield></datafield><datafield ind1="1" ind2="0" tag="245"><subfield code="a">Albany democrat-herald.</subfield></datafield><datafield ind1="1" ind2=" " tag="246"><subfield code="i">Sunday issues for Sept. 13, 1998- published as:</subfield><subfield code="a">Mid-Valley Sunday Corvallis gazette-times Albany democrat-herald</subfield></datafield><datafield ind1="1" ind2=" " tag="246"><subfield code="i">Sunday issues for &lt;Dec. 2, 2007-&gt; published as:</subfield><subfield code="a">Mid-Valley Sunday Albany democrat-herald</subfield></datafield><datafield ind1=" " ind2=" " tag="260"><subfield code="a">Albany, Or. :</subfield><subfield code="b">W.L. Jackson and R.R. Cronise,</subfield><subfield code="c">1925-</subfield></datafield><datafield ind1=" " ind2=" " tag="300"><subfield code="a">v.</subfield></datafield><datafield ind1=" " ind2=" " tag="310"><subfield code="a">Daily,</subfield><subfield code="b">Sept. 13, 1998-</subfield></datafield><datafield ind1=" " ind2=" " tag="321"><subfield code="a">Daily (except Sun.),</subfield><subfield code="b">Apr. 13, 1925-Sept. 5/6, 1998</subfield></datafield><datafield ind1="0" ind2=" " tag="362"><subfield code="a">Vol. 37, no. 327 (Apr. 13, 1925)- = v. 50, no. 243-</subfield></datafield><datafield ind1=" " ind2=" " tag="515"><subfield code="a">Retains dual numbering until vol. 102, no. 189 (May 3, 1962).</subfield></datafield><datafield ind1=" " ind2=" " tag="515"><subfield code="a">Some issues lack numbering.</subfield></datafield><datafield ind1=" " ind2=" " tag="530"><subfield code="a">Also issued on microfilm from University of Oregon.</subfield></datafield><datafield ind1=" " ind2=" " tag="580"><subfield code="a">Weekly ed.: Weekly democrat (Albany, Or.), 1926.</subfield></datafield><datafield ind1=" " ind2=" " tag="588"><subfield code="a">Latest issue consulted: June 1, 2014.</subfield></datafield><datafield ind1=" " ind2="0" tag="651"><subfield code="a">Albany (Or.)</subfield><subfield code="v">Newspapers.</subfield></datafield><datafield ind1=" " ind2="7" tag="651"><subfield code="a">Oregon</subfield><subfield code="z">Albany.</subfield><subfield code="2">fast</subfield><subfield code="0">(OCoLC)fst01209399</subfield></datafield><datafield ind1=" " ind2="7" tag="655"><subfield code="a">Newspapers.</subfield><subfield code="2">fast</subfield><subfield code="0">(OCoLC)fst01423814</subfield></datafield><datafield ind1=" " ind2="7" tag="655"><subfield code="a">Newspapers.</subfield><subfield code="2">lcgft</subfield></datafield><datafield ind1=" " ind2=" " tag="752"><subfield code="a">United States</subfield><subfield code="b">Oregon</subfield><subfield code="c">Linn</subfield><subfield code="d">Albany.</subfield></datafield><datafield ind1="1" ind2=" " tag="775"><subfield code="t">Weekly democrat (Albany, Or.)</subfield><subfield code="w">(DLC)sn 96088446</subfield><subfield code="w">(OCoLC)36010865</subfield></datafield><datafield ind1="0" ind2="0" tag="780"><subfield code="t">Albany evening herald and the Albany democrat</subfield><subfield code="w">(DLC)sn 96088447</subfield><subfield code="w">(OCoLC)36020182</subfield></datafield></record>